@article{briner2014,
    author = {Alexandra E. Briner and Paul D. Donohoue and Ahmed A. Gomaa and 
        Kurt Selle and Euan M. Slora},
    title = {Guide {RNA} functional modules direct {Cas9} activity and 
        orthogonality},
    journal = {Mol. Cell},
    volume = {56},
    pages = {333--339},
    month = {10},
    year = {2014}
}

@article{zimmerman1997,
    author = {Grant R. Zimmerman and Robert D. Jenison and Catherine L. Wick 
        and Jean-Pierre Simorroe and Arthur Pardi},
    title = {Interlocking structural motifs mediate molecular discrimination by 
        a theophylline-binding {RNA}},
    journal = {Nat. Struct. Mol. Biol},
    volume = {4},
    number = {8},
    pages = {644--649},
    month = {9},
    year = {1997}
}
