@article{doench16,
    author = {Doench},
    title = {Optimized {sgRNA} design to maximize activity and minimize 
        off-target effects of {CRISPR-Cas9}.},
    journal = {Nat. Biotechnol.},
    year = {2016},
    volume = {34},
    issue = {2},
    pages = {184-191}
}

# RNA device insulation
# https://link.springer.com/protocol/10.1007/978-1-61779-545-9_27
# Ugh, the Win and Smolke paper talks about this.  I really don't want to cite 
# that pice of crap.

